%% bibliography %%

@Misc{zhao2023symmetry,
  title        = "Symmetry Teleportation for Accelerated Optimization",
  author       = "Bo Zhao and Nima Dehmamy and Robin Walters and Rose
                 Yu",
  year         = "2023",
  eprint       = "2205.10637",
  archiveprefix = "arXiv",
  primaryclass = "cs.LG",
}

@Article{zhao2023improving,
  author       = "Bo Zhao and Robert M. Gower and Robin Walters and Rose
                 Yu",
  title        = "Improving Convergence and Generalization Using
                 Parameter Symmetries",
  journal      = "CoRR",
  volume       = "abs/2305.13404",
  year         = "2023",
}

@InProceedings{zhao2023flat,
  author       = "Bo Zhao and Iordan Ganev and Robin Walters and Rose Yu
                 and Nima Dehmamy",
  title        = "Symmetries, Flat Minima, and the Conserved Quantities
                 of Gradient Flow",
  booktitle    = "The Eleventh International Conference on Learning
                 Representations, {ICLR} 2023, Kigali, Rwanda, May 1-5,
                 2023",
  publisher    = "OpenReview.net",
  year         = "2023",
}

@Article{armenta2020neural,
  author       = "Marco Armenta and Thierry Judge and Nathan Painchaud
                 and Youssef Skandarani and Carl Lemaire and Gabriel
                 Gibeau Sanchez and Philippe Spino and Pierre{-}Marc
                 Jodoin",
  title        = "Neural Teleportation",
  journal      = "CoRR",
  volume       = "abs/2012.01118",
  year         = "2020",
}

@Article{armenta2021representation,
  title        = "The representation theory of neural networks",
  author       = "Marco Armenta and Pierre-Marc Jodoin",
  journal      = "Mathematics",
  volume       = "9",
  number       = "24",
  pages        = "3216",
  year         = "2021",
  publisher    = "MDPI",
}

@InProceedings{karimi2016pl,
  author       = "Hamed Karimi and Julie Nutini and Mark Schmidt",
  editor       = "Paolo Frasconi and Niels Landwehr and Giuseppe Manco
                 and Jilles Vreeken",
  title        = "Linear Convergence of Gradient and Proximal-Gradient
                 Methods Under the Polyak-{\L}ojasiewicz Condition",
  booktitle    = "Machine Learning and Knowledge Discovery in Databases
                 - European Conference, {ECML} {PKDD} 2016, Riva del
                 Garda, Italy, September 19-23, 2016, Proceedings, Part
                 {I}",
  series       = "Lecture Notes in Computer Science",
  volume       = "9851",
  pages        = "795--811",
  publisher    = "Springer",
  year         = "2016",
}

@Article{bubeck2015convex,
  author       = "S{\'{e}}bastien Bubeck",
  title        = "Convex Optimization: Algorithms and Complexity",
  journal      = "Found. Trends Mach. Learn.",
  volume       = "8",
  number       = "3-4",
  pages        = "231--357",
  year         = "2015",
}

@Article{bach2010self,
  title        = "Self-concordant analysis for logistic regression",
  author       = "Francis Bach",
  journal      = "Electronic Journal of Statistics",
  volume       = "4",
  pages        = "384--414",
  year         = "2010",
}

@Misc{asuncion2007uci,
  title        = "{UCI} machine learning repository",
  author       = "Arthur Asuncion and David Newman",
  year         = "2007",
  publisher    = "Irvine, CA, USA",
}

@Article{fukumizu2000local,
  title        = "Local minima and plateaus in hierarchical structures
                 of multilayer perceptrons",
  author       = "Kenji Fukumizu and Shun-ichi Amari",
  journal      = "Neural networks",
  volume       = "13",
  number       = "3",
  pages        = "317--327",
  year         = "2000",
  publisher    = "Elsevier",
}
